@electronic{ref:ti89:regression,
    note            = {[Stand: 18. Oktober 2015]},
    title           = {Linear Regression Using the TI-89 Calculator},
    organization    = {Flathead Valley Community College},
    url             = {http://home2.fvcc.edu/~erady/Classes/Calc-F07/ti89regression.pdf},
},
@electronic{ref:wikipedia:abklingkonstante,
    note            = {[Stand: 16. Oktober 2015]},
    title           = {Abklingkonstante},
    organization    = {Wikipedia},
    url             = {https://de.wikipedia.org/wiki/Abklingkonstante},
},
@electronic{ref:wikipedia:periode,
    note            = {[Stand: 16. Oktober 2015]},
    title           = {Periode (Physik)},
    organization    = {Wikipedia},
    url             = {https://de.wikipedia.org/wiki/Periode_(Physik)},
},
@electronic{ref:wikipedia:logarithmDekr,
    note            = {[Stand: 16. Oktober 2015]},
    title           = {Logarithmisches Dekrement},
    organization    = {Wikipedia},
    url             = {https://de.wikipedia.org/wiki/Logarithmisches_Dekrement},
},
@electronic{ref:wikipedia:lineareRegression,
    note            = {[Stand: 18. Oktober 2015]},
    title           = {Lineare Regression},
    organization    = {Wikipedia},
    url             = {https://de.wikipedia.org/wiki/Lineare_Regression},
},
@electronic{ref:wikipedia:speedOfSound,
    note            = {[Stand: 18. Oktober 2015]},
    title           = {Speed of Sound},
    organization    = {Wikipedia},
    url             = {https://en.wikipedia.org/wiki/Speed_of_sound#Practical_formula_for_dry_air}
},
@inbook{ref:kuchling:speedOfSoundTable,
    author          = {Horst Kuchling},
    title           = {Taschenbuch der Physik},
    publisher       = {Fachbuchverlag Leipzig},
    address         = {M\"unchen, Wien},
    year            = {2001},
    edition         = {17},
    pages           = {641},
},
@inbook{ref:kuchling:resistivityTable,
    author          = {Horst Kuchling},
    title           = {Taschenbuch der Physik},
    publisher       = {Fachbuchverlag Leipzig},
    address         = {M\"unchen, Wien},
    year            = {2001},
    edition         = {17},
    pages           = {649},
},
@inbook{ref:kuchling:speedOfSoundFormula,
    author          = {Horst Kuchling},
    title           = {Taschenbuch der Physik},
    publisher       = {Fachbuchverlag Leipzig},
    address         = {M\"unchen, Wien},
    year            = {2001},
    edition         = {17},
    pages           = {332},
},
@electronic{ref:scim,
    note            = {[Stand: 18. Oktober 2015]},
    title           = {SC-IM},
    organization    = {github},
    url             = {https://github.com/andmarti1424/sc-im},
},
@electronic{ref:sc,
    note            = {[Stand: 18. Oktober 2015]},
    title           = {sc: the Venerable Spreadsheet Calculator},
    organization    = {linuxjournal},
    url             = {http://www.linuxjournal.com/article/10699},
},
@electronic{ref:aw:github,
    note            = {[Stand: 19. Oktober 2015]},
    title           = {Laborjournal},
    organization    = {github},
    author          = {Raphael Frey},
    url             = {https://github.com/alpenwasser/laborjournal},
},
@book{ref:looser:skineffekt,
    author          = {Herbert Looser},
    title           = {E11 -- Induktion/Skineffekt},
    publisher       = {FHNW Aargau},
    address         = {Windisch},
    year            = {2015},
},
@electronic{ref:wikipedia:lenzscheRegel,
    note            = {[Stand: 02. November 2015]},
    title           = {Lenz'sche Regel},
    organization    = {Wikipedia},
    url             = {https://de.wikipedia.org/wiki/Lenzsche_Regel}
},
@electronic{ref:wikipedia:bessel,
    note            = {[Stand: 02. Oktober 2015]},
    title           = {Besselsche Differentialgleichung},
    organization    = {Wikipedia},
    url             = {https://de.wikipedia.org/wiki/Besselsche_Differentialgleichung},
},
@electronic{ref:stainless:hypertextbook,
    note            = {[Stand: 08. November 2015]},
    title           = {Resistivity of Steel},
    organization    = {Hypertextbook.com},
    author          = {Glenn Elert},
    url             = {http://hypertextbook.com/facts/2006/UmranUgur.shtml},
},
@electronic{ref:stainless:aksteel,
    note            = {[Stand: 08. November 2015]},
    title           = {Datasheet -- 304/304L Stainless Steel},
    organization    = {AK Steel Corporation},
    url             = {http://www.aksteel.com/pdf/markets_products/stainless/austenitic/304_304L_Data_Sheet.pdf},
},
@electronic{ref:stainless:stahlwerke,
    note            = {[Stand: 08. November 2015]},
    title           = {Datenblatt -- Nichtrostender austenitischer Stahl},
    organization    = {Deutsche Edelstahlwerke},
    url             = {http://www.dew-stahl.com/fileadmin/files/dew-stahl.com/documents/Publikationen/Werkstoffdatenblaetter/RSH/1.4301_de.pdf},
},
